<?xml version="1.0" encoding="UTF-8"?>
  <record xmlns="http://www.loc.gov/MARC21/slim" type="Authority">
    <leader>00000nz  a2200000nc 4500</leader>
    <controlfield tag="001">189551283</controlfield>
    <controlfield tag="003">DE-101</controlfield>
    <controlfield tag="005">20190208104316.0</controlfield>
    <controlfield tag="008">110927n||azznnaabn           | aaa    |c</controlfield>
    <datafield tag="024" ind1="7" ind2=" ">
      <subfield code="a">189551283</subfield>
      <subfield code="0">http://d-nb.info/gnd/189551283</subfield>
      <subfield code="2">gnd</subfield>
    </datafield>
    <datafield tag="035" ind1=" " ind2=" ">
      <subfield code="a">(DE-101)189551283</subfield>
    </datafield>
    <datafield tag="035" ind1=" " ind2=" ">
      <subfield code="a">(DE-588)189551283</subfield>
    </datafield>
    <datafield tag="035" ind1=" " ind2=" ">
      <subfield code="z">(DE-588)103130039</subfield>
    </datafield>
    <datafield tag="035" ind1=" " ind2=" ">
      <subfield code="z">(DE-588a)103130039</subfield>
      <subfield code="9">v:zg</subfield>
    </datafield>
    <datafield tag="035" ind1=" " ind2=" ">
      <subfield code="z">(DE-588a)189551283</subfield>
      <subfield code="9">v:zg</subfield>
    </datafield>
    <datafield tag="035" ind1=" " ind2=" ">
      <subfield code="z">(DE-588c)7813140-6</subfield>
      <subfield code="9">v:zg</subfield>
    </datafield>
    <datafield tag="040" ind1=" " ind2=" ">
      <subfield code="a">DE-61</subfield>
      <subfield code="c">DE-61</subfield>
      <subfield code="9">r:DE-605</subfield>
      <subfield code="b">ger</subfield>
      <subfield code="d">0018</subfield>
    </datafield>
    <datafield tag="042" ind1=" " ind2=" ">
      <subfield code="a">gnd1</subfield>
    </datafield>
    <datafield tag="043" ind1=" " ind2=" ">
      <subfield code="c">XA-PT</subfield>
      <subfield code="c">XA-DE</subfield>
    </datafield>
    <datafield tag="065" ind1=" " ind2=" ">
      <subfield code="a">16.5p</subfield>
      <subfield code="2">sswd</subfield>
    </datafield>
    <datafield tag="075" ind1=" " ind2=" ">
      <subfield code="b">p</subfield>
      <subfield code="2">gndgen</subfield>
    </datafield>
    <datafield tag="075" ind1=" " ind2=" ">
      <subfield code="b">piz</subfield>
      <subfield code="2">gndspec</subfield>
    </datafield>
    <datafield tag="079" ind1=" " ind2=" ">
      <subfield code="a">g</subfield>
      <subfield code="q">a</subfield>
      <subfield code="q">f</subfield>
      <subfield code="q">s</subfield>
    </datafield>
    <datafield tag="100" ind1="0" ind2=" ">
      <subfield code="a">Maria Sophia Elisabeth</subfield>
      <subfield code="c">Portugal, Königin</subfield>
      <subfield code="d">1666-1699</subfield>
    </datafield>
    <datafield tag="400" ind1="0" ind2=" ">
      <subfield code="a">Maria Sophia Elisabetha</subfield>
      <subfield code="c">Portugal, Reinha</subfield>
      <subfield code="d">1666-1699</subfield>
    </datafield>
    <datafield tag="400" ind1="0" ind2=" ">
      <subfield code="a">Maria Sophia Elisabeth</subfield>
      <subfield code="c">Pfalz-Neuburg, Prinzessin</subfield>
      <subfield code="d">1666-1699</subfield>
    </datafield>
    <datafield tag="400" ind1="0" ind2=" ">
      <subfield code="a">Maria Sofia Elisabeth</subfield>
      <subfield code="c">Portugal, Königin</subfield>
      <subfield code="d">1666-1699</subfield>
      <subfield code="9">v:Vorlage</subfield>
    </datafield>
    <datafield tag="400" ind1="0" ind2=" ">
      <subfield code="a">Maria Sophia</subfield>
      <subfield code="c">Portugal, Reinha</subfield>
      <subfield code="d">1666-1699</subfield>
    </datafield>
    <datafield tag="400" ind1="0" ind2=" ">
      <subfield code="a">Maria Sophie</subfield>
      <subfield code="c">von der Pfalz</subfield>
      <subfield code="d">1666-1699</subfield>
    </datafield>
    <datafield tag="400" ind1="0" ind2=" ">
      <subfield code="a">Maria Sophia Elisabeth</subfield>
      <subfield code="c">Pfalz, Pfalzgräfin</subfield>
      <subfield code="d">1666-1699</subfield>
    </datafield>
    <datafield tag="400" ind1="0" ind2=" ">
      <subfield code="a">Marie Sofie</subfield>
      <subfield code="c">Portugal, Reinha</subfield>
      <subfield code="d">1666-1699</subfield>
    </datafield>
    <datafield tag="400" ind1="0" ind2=" ">
      <subfield code="a">Marie Sophie</subfield>
      <subfield code="c">Pfalz, Pfalzgräfin</subfield>
      <subfield code="d">1666-1699</subfield>
    </datafield>
    <datafield tag="400" ind1="0" ind2=" ">
      <subfield code="a">Marie Sophie</subfield>
      <subfield code="c">von der Pfalz</subfield>
      <subfield code="d">1666-1699</subfield>
      <subfield code="9">v:Wikipedia</subfield>
    </datafield>
    <datafield tag="400" ind1="0" ind2=" ">
      <subfield code="a">Maria Sofia Isabel de Neoburg</subfield>
      <subfield code="c">Portugal, Reinha</subfield>
      <subfield code="d">1666-1699</subfield>
    </datafield>
    <datafield tag="400" ind1="0" ind2=" ">
      <subfield code="a">Maria Sophia Isabel de Neoburg</subfield>
      <subfield code="d">1666-1699</subfield>
      <subfield code="9">v:Vorlage</subfield>
    </datafield>
    <datafield tag="400" ind1="0" ind2=" ">
      <subfield code="a">Maria Sophia Ysavel de Neoburg</subfield>
      <subfield code="d">1666-1699</subfield>
      <subfield code="9">v:Vorlage</subfield>
    </datafield>
    <datafield tag="500" ind1="0" ind2=" ">
      <subfield code="0">(DE-101)118742221</subfield>
      <subfield code="0">(DE-588)118742221</subfield>
      <subfield code="0">https://d-nb.info/gnd/118742221</subfield>
      <subfield code="a">Philipp Wilhelm</subfield>
      <subfield code="c">Pfalz, Kurfürst</subfield>
      <subfield code="d">1615-1690</subfield>
      <subfield code="4">bezf</subfield>
      <subfield code="4">https://d-nb.info/standards/elementset/gnd#familialRelationship</subfield>
      <subfield code="w">r</subfield>
      <subfield code="i">Beziehung familiaer</subfield>
      <subfield code="e">Beziehung familiaer</subfield>
      <subfield code="9">v:Vater</subfield>
    </datafield>
    <datafield tag="500" ind1="0" ind2=" ">
      <subfield code="0">(DE-101)12890285X</subfield>
      <subfield code="0">(DE-588)12890285X</subfield>
      <subfield code="0">https://d-nb.info/gnd/12890285X</subfield>
      <subfield code="a">Elisabeth Amalie Magdalene</subfield>
      <subfield code="c">Pfalz, Kurfürstin</subfield>
      <subfield code="d">1635-1709</subfield>
      <subfield code="4">bezf</subfield>
      <subfield code="4">https://d-nb.info/standards/elementset/gnd#familialRelationship</subfield>
      <subfield code="w">r</subfield>
      <subfield code="i">Beziehung familiaer</subfield>
      <subfield code="e">Beziehung familiaer</subfield>
      <subfield code="9">v:Mutter</subfield>
    </datafield>
    <datafield tag="500" ind1="0" ind2=" ">
      <subfield code="0">(DE-101)119241838</subfield>
      <subfield code="0">(DE-588)119241838</subfield>
      <subfield code="0">https://d-nb.info/gnd/119241838</subfield>
      <subfield code="a">Peter</subfield>
      <subfield code="b">II.</subfield>
      <subfield code="c">Portugal, König</subfield>
      <subfield code="d">1648-1706</subfield>
      <subfield code="4">bezf</subfield>
      <subfield code="4">https://d-nb.info/standards/elementset/gnd#familialRelationship</subfield>
      <subfield code="w">r</subfield>
      <subfield code="i">Beziehung familiaer</subfield>
      <subfield code="e">Beziehung familiaer</subfield>
      <subfield code="9">v:Gemahl</subfield>
    </datafield>
    <datafield tag="500" ind1="0" ind2=" ">
      <subfield code="0">(DE-101)119362341</subfield>
      <subfield code="0">(DE-588)119362341</subfield>
      <subfield code="0">https://d-nb.info/gnd/119362341</subfield>
      <subfield code="a">Johann</subfield>
      <subfield code="b">V.</subfield>
      <subfield code="c">Portugal, König</subfield>
      <subfield code="d">1689-1750</subfield>
      <subfield code="4">bezf</subfield>
      <subfield code="4">https://d-nb.info/standards/elementset/gnd#familialRelationship</subfield>
      <subfield code="w">r</subfield>
      <subfield code="i">Beziehung familiaer</subfield>
      <subfield code="e">Beziehung familiaer</subfield>
      <subfield code="9">v:Sohn</subfield>
    </datafield>
    <datafield tag="500" ind1="0" ind2=" ">
      <subfield code="0">(DE-101)1140953907</subfield>
      <subfield code="0">(DE-588)1140953907</subfield>
      <subfield code="0">https://d-nb.info/gnd/1140953907</subfield>
      <subfield code="a">Franziska Josepha</subfield>
      <subfield code="c">Portugal, Infantin</subfield>
      <subfield code="d">1699-1756</subfield>
      <subfield code="4">bezf</subfield>
      <subfield code="4">https://d-nb.info/standards/elementset/gnd#familialRelationship</subfield>
      <subfield code="w">r</subfield>
      <subfield code="i">Beziehung familiaer</subfield>
      <subfield code="e">Beziehung familiaer</subfield>
      <subfield code="9">v:Tochter</subfield>
    </datafield>
    <datafield tag="548" ind1=" " ind2=" ">
      <subfield code="a">1666-1699</subfield>
      <subfield code="4">datl</subfield>
      <subfield code="4">https://d-nb.info/standards/elementset/gnd#dateOfBirthAndDeath</subfield>
      <subfield code="w">r</subfield>
      <subfield code="i">Lebensdaten</subfield>
    </datafield>
    <datafield tag="548" ind1=" " ind2=" ">
      <subfield code="a">06.08.1666-04.08.1699</subfield>
      <subfield code="4">datx</subfield>
      <subfield code="4">https://d-nb.info/standards/elementset/gnd#dateOfBirthAndDeath</subfield>
      <subfield code="w">r</subfield>
      <subfield code="i">Exakte Lebensdaten</subfield>
    </datafield>
    <datafield tag="550" ind1=" " ind2=" ">
      <subfield code="0">(DE-101)041643798</subfield>
      <subfield code="0">(DE-588)4164379-3</subfield>
      <subfield code="0">https://d-nb.info/gnd/4164379-3</subfield>
      <subfield code="a">Königin</subfield>
      <subfield code="4">berc</subfield>
      <subfield code="4">https://d-nb.info/standards/elementset/gnd#professionOrOccupation</subfield>
      <subfield code="w">r</subfield>
      <subfield code="i">Charakteristischer Beruf</subfield>
    </datafield>
    <datafield tag="551" ind1=" " ind2=" ">
      <subfield code="0">(DE-101)041127064</subfield>
      <subfield code="0">(DE-588)4112706-7</subfield>
      <subfield code="0">https://d-nb.info/gnd/4112706-7</subfield>
      <subfield code="a">Schloss Benrath</subfield>
      <subfield code="g">Düsseldorf</subfield>
      <subfield code="4">ortg</subfield>
      <subfield code="4">https://d-nb.info/standards/elementset/gnd#placeOfBirth</subfield>
      <subfield code="w">r</subfield>
      <subfield code="i">Geburtsort</subfield>
    </datafield>
    <datafield tag="551" ind1=" " ind2=" ">
      <subfield code="0">(DE-101)040359190</subfield>
      <subfield code="0">(DE-588)4035919-0</subfield>
      <subfield code="0">https://d-nb.info/gnd/4035919-0</subfield>
      <subfield code="a">Lissabon</subfield>
      <subfield code="4">orts</subfield>
      <subfield code="4">https://d-nb.info/standards/elementset/gnd#placeOfDeath</subfield>
      <subfield code="w">r</subfield>
      <subfield code="i">Sterbeort</subfield>
    </datafield>
    <datafield tag="667" ind1=" " ind2=" ">
      <subfield code="a">VPe</subfield>
    </datafield>
    <datafield tag="667" ind1=" " ind2=" ">
      <subfield code="a">VD-17</subfield>
    </datafield>
    <datafield tag="670" ind1=" " ind2=" ">
      <subfield code="a">Vorlage</subfield>
    </datafield>
    <datafield tag="670" ind1=" " ind2=" ">
      <subfield code="a">Wikipedia</subfield>
      <subfield code="b">Stand: 21.05.2013</subfield>
      <subfield code="u">http://de.wikipedia.org/wiki/Marie_Sophie_von_der_Pfalz</subfield>
    </datafield>
    <datafield tag="670" ind1=" " ind2=" ">
      <subfield code="a">NDB/ADB-online</subfield>
    </datafield>
    <datafield tag="670" ind1=" " ind2=" ">
      <subfield code="a">Internet</subfield>
    </datafield>
    <datafield tag="672" ind1=" " ind2="0">
      <subfield code="a">Sophia Königin, Das ist Durchleuchtigste Vermählung Chur-Pfältzischer Weißheit Mit Christ-würdiger Schönheit, Stärck und Tugend Ho-Preißlich außgeziert : als der Durchleuchtigste Großmächtigste Fürst und Herr, Herr Petrus König in Portugall und Algarbien [et]c. Mit Dero nunmehr auch Durchleuchtigst-Großmächtigsten Fürstin und Frawen, Frawen Maria Sophia Elisabetha Königin in Portugall [et]c. Höchst-erfrewlich vermählet. - 1687</subfield>
    </datafield>
    <datafield tag="913" ind1=" " ind2=" ">
      <subfield code="S">pnd</subfield>
      <subfield code="i">5</subfield>
      <subfield code="a">Maria Sophia Elisabeth &lt;Portugal, Königin, 1666-1699&gt;</subfield>
      <subfield code="0">(DE-588a)189551283</subfield>
    </datafield>
    <datafield tag="913" ind1=" " ind2=" ">
      <subfield code="S">pnd</subfield>
      <subfield code="i">5</subfield>
      <subfield code="a">Maria Sophia Elisabetha &lt;Portugal, Reinha&gt;</subfield>
      <subfield code="0">(DE-588a)103130039</subfield>
    </datafield>
  </record>
